@misc{conraddirichlet,
  title={Dirichletâ€™s unit theorem},
  author={Conrad, Keith},
  howpublished = "\url{https://kconrad.math.uconn.edu/blurbs/gradnumthy/unittheorem.pdf}",
}

@book{cox2022primes,
  title={Primes of the Form x2+ ny2: Fermat, Class Field Theory, and Complex Multiplication. with Solutions},
  author={Cox, David A},
  volume={387},
  year={2022},
  publisher={American Mathematical Soc.}
}

